@inproceedings{id0089,
  title={Building a community system to teach collaborative software development},
  author={Villarrubia, A and Kim, H},
  booktitle={Computer Science \& Education (ICCSE), 10th International Conference on},
  pages={829--833},
  year={2015},
  organization={IEEE}
}

@inproceedings{id0093,
  title={An Open Source approach to enhance industry preparedness of students},
  author={Rekha, S and Adinarayanan, V},
  booktitle={Advances in Computing, Communications and Informatics (ICACCI), Intern. Conf. on},
  pages={194--200},
  year={2014},
  organization={IEEE}
}

@inproceedings{id0098,
  title={Training software engineers using open-source software: the professors’ perspective},
  author={Pinto, G and Figueira Filho, F and Steinmacher, I and Gerosa, M},
  booktitle={Software Engineering Education and Training (CSEE\&T), 30th IEEE Conference on},
  pages={1--5},
  year={2017}
}

@inproceedings{id0106,
  title={Utilizing open source software in teaching practice-based software engineering courses},
  author={Dorodchi, M and Dehbozorgi, N},
  booktitle={Frontiers in Education Conference (FIE), IEEE},
  pages={1--5},
  year={2016},
  organization={IEEE}
}

@article{id0115,
  title={Using intelligent tutors to teach students how APIs are used for software engineering in practice},
  author={Krishnamoorthy, V and Appasamy, B and Scaffidi, C},
  journal={IEEE Transactions on Education},
  volume={56},
  number={3},
  pages={355--363},
  year={2013},
  publisher={IEEE}
}

@inproceedings{id0134,
  title={Application of software visualization in programming teaching},
  author={Ding, Y and Hang, Y and Wan, G and He, S},
  booktitle={Computer Science \& Education (ICCSE), 9th Intern. Conf. on},
  pages={803--806},
  year={2014},
  organization={IEEE}
}

@inproceedings{id0135,
  title={Teaching software maintenance with open source software: Experiences and lessons},
  author={Gokhale, S and Smith, T and McCartney, R},
  booktitle={Frontiers in Education Conference, IEEE},
  pages={1664--1670},
  year={2013},
  organization={IEEE}
}

@inproceedings{id1088,
  title={Localized open source collaboration in software engineering education},
  author={Buffardi, K},
  booktitle={Frontiers in Education Conference (FIE), IEEE},
  pages={1--5},
  year={2015},
  organization={IEEE}
}

@article{id1097,
  title={Humanitarian Open Source Software in Computing Education},
  author={Hislop, G and Ellis, H},
  journal={Computer},
  volume={50},
  number={10},
  pages={98--101},
  year={2017},
  publisher={IEEE}
}

@inproceedings{id1192,
  title={Using gamification to orient and motivate students to contribute to OSS projects},
  author={Diniz, G and Silva, Marco AG and Gerosa, M  and Steinmacher, I },
  booktitle={Cooperative and Human Aspects of Software Engineering (CHASE), IEEE/ACM 10th Intern. Workshop on},
  pages={36--42},
  year={2017},
  organization={IEEE}
}

@inproceedings{id1193,
  title={Towards a model of faculty development for FOSS in education},
  author={Ellis, H and Chua, M  and Hislop, G and Purcell, M  and Dziallas, S},
  booktitle={Software Engineering Education and Training (CSEE\&T), IEEE 26th Conf. on},
  pages={269--273},
  year={2013},
  organization={IEEE}
}

@incollection{id4503,
  title={Bridging the academia-industry gap in software engineering: a client-oriented open source software projects course},
  author={MacKellar, B K and Sabin, M and Tucker, A B},
  booktitle={Open Source Technology: Concepts, Methodologies, Tools, and Applications},
  pages={1927--1950},
  year={2015},
  publisher={IGI Global}
}

@inproceedings{id4663,
  title={Localized open source software projects: Exploring realism and motivation},
  author={Buffardi, K},
  booktitle={Computer Science \& Education (ICCSE), 11th Intern. Conf. on},
  pages={382--387},
  year={2016},
  organization={IEEE}
}

@article{id4811,
  title={Shaping Software Engineering Curricula Using Open Source Communities},
  author={Bowring, J and Burke, Q},
  journal={Journal of Interactive Learning Research},
  volume={27},
  number={1},
  pages={5--26},
  year={2016},
  publisher={Assoc. for the Advancement of Computing in Education (AACE)}
}

@inproceedings{id4815,
  title={Collaborative Environments in Software Engineering Teaching: A FLOSS Approach},
  author={Fernandes, S and Barbosa, LS},
  booktitle={European Conf. on e-Learning},
  pages={201},
  year={2016},
  organization={Academic Conf. International Limited}
}

@article{id4966,
  title={Team Project Experiences in Humanitarian Free and Open Source Software (HFOSS)},
  author={Ellis, H  and Hislop, G  and Jackson, S  and Postner, L },
  journal={ACM Transactions on Computing Education (TOCE)},
  volume={15},
  number={4},
  pages={18},
  year={2015},
  publisher={ACM}
}

@inproceedings{id5147,
  title={Software engineering learning in HFOSS: A multi-institutional study},
  author={Ellis, H and Hislop, G  and Pulimood, SM and Morgan, B and Coleman, B},
  booktitle={22nd Annual ASEE Conference and Exhibition, Seattle},
  year={2015}
}

@article{id5328,
  title={Teaching Software Verification and Validation Course: A Case Study},
  author={Mishra, D and Hacaloglu, T and Mishra, A},
  journal={International Journal of Engineering Education},
  volume={30},
  pages={1476--1485},
  year={2014}
}

@inproceedings{id5329,
  title={Lessons learned from teaching open source software development},
  author={Morgan, B and Jensen, C},
  booktitle={IFIP Intern. Conference on Open Source Systems},
  pages={133--142},
  year={2014},
  organization={Springer}
}

@inproceedings{id5335,
  title={Learning within a professional environment: shared ownership of an HFOSS project},
  author={Ellis, H and Jackson, S and Burdge, D and Postner, L and Hislop, G and Diggs, J},
  booktitle={15th Annual Conference on Information Technology Education},
  pages={95--100},
  year={2014},
  organization={ACM}
}

@inproceedings{id5343,
  title={Using a real world project in a software testing course},
  author={Krutz, D and Malachowsky, S and Reichlmayr, T },
  booktitle={45th ACM Technical Symposium on Computer Science Education},
  pages={49--54},
  year={2014},
  organization={ACM}
}

@inproceedings{id5353,
  title={Combining research and education of software testing: a preliminary study},
  author={Chen, Z and Memon, A and Luo, B},
  booktitle={Proc. of the 29th Annual ACM Symposium on Applied Computing},
  pages={1179--1180},
  year={2014},
  organization={ACM}
}

@inproceedings{id5357,
  title={Understanding students' preferences of software engineering projects},
  author={Smith, T  and Gokhale, S  and McCartney, R},
  booktitle={Conference on Innovation \& Technology in Computer Science Education},
  pages={135--140},
  year={2014},
  organization={ACM}
}

@inproceedings{id5546,
  title={Integrating formal and informal learning through a FLOSS-based innovative approach},
  author={Fernandes, S  and Martinho, MH and Cerone, A and Barbosa, LS},
  booktitle={Intern. Conf. on Collaboration and Technology},
  pages={208--214},
  year={2013},
  organization={Springer}
}

@article{id5676,
  title={Enhancing software engineering education through open source projects: Four years of students’ perspectives},
  author={Papadopoulos, PM and Stamelos, I and Meiszner, A},
  journal={Education and Information Technologies},
  volume={18},
  number={2},
  pages={381--397},
  year={2013},
  publisher={Springer}
}

@inproceedings{id17796,
  title={Selecting open source software projects to teach software engineering},
  author={Smith, T and McCartney, R and Gokhale, S and Kaczmarczyk, L},
  booktitle={45th ACM Technical Symposium on Computer Science Education},
  pages={397--402},
  year={2014},
  organization={ACM}
}

@article{id17800,
  title={Teaching software engineering from a maintenance-centric view using open-source software},
  author={Gokhale, S and Smith, T and McCartney, R},
  journal={Journal of Computing Sciences in Colleges},
  volume={28},
  number={6},
  pages={189--191},
  year={2013},
  publisher={Consortium for Computing Sciences in Colleges}
}

@article{id17805,
  title={Teaching evidence-based software engineering: learning by a collaborative mapping study of open source software},
  author={Castelluccia, D and Visaggio, G},
  journal={ACM SIGSOFT Software Engineering Notes},
  volume={38},
  number={6},
  pages={1--4},
  year={2013},
  publisher={ACM}
}

@inproceedings{id17830,
  title={A multi-institutional study of learning via student involvement in humanitarian free and open source software projects},
  author={Hislop, G and Ellis, H and Pulimood, S and Morgan, B and Mello-Stark, S and Coleman, B and Macdonell, C},
  booktitle={11th Annual Intern. Conf. on International Computing Education Research},
  pages={199--206},
  year={2015},
  organization={ACM}
}

@article{id17845,
  title={Student developed computer science educational tools as software engineering course projects},
  author={Cicirello, V},
  journal={Journal of Computing Sciences in Colleges},
  volume={32},
  number={3},
  pages={55--61},
  year={2017},
  publisher={Consortium for Computing Sciences in Colleges}
}

@inproceedings{id17882,
  title={A collaborative approach to teaching software architecture},
  author={Van Deursen, A and Aniche, M and Au{\'e}, J and Slag, R and De Jong, M and Nederlof, A and Bouwers, E},
  booktitle={ACM SIGCSE Technical Symposium on Computer Science Education},
  pages={591--596},
  year={2017},
  organization={ACM}
}

@inproceedings{id18359,
  title={Experience Report: Guiding Faculty \& Students to Participate in Humanitarian FOSS Communities},
  author={Kussmaul, C},
  booktitle={Technology for Education (T4E), IEEE 8th Intern. Conf. on},
  pages={224--227},
  year={2016},
  organization={IEEE}
}

@inproceedings{id18433,
  title={Board\# 77: Helping Faculty \& Students to Participate in Humanitarian Free \& Open Source Software: The OpenFE \& OpenPath Projects},
  author={Kussmaul, CL and Ellis, H and Hislop, G and Postner, L and Burdge, D},
  booktitle={2017 ASEE Annual Conference \& Exposition},
  year={2017}
}

@inproceedings{Budgen,
author = {Budgen, D and Turner, M and Brereton, P and Kitchenham, B},
booktitle = {{Proceedings of PPIG 2008}},
pages = {195--204},
publisher = {Lancaster University},
title = {{Using Mapping Studies in Software Engineering}},
volume = {2},
year = {2008},
}

@inproceedings{Petersen,
author = {Petersen, K and Feldt, R and Mujtaba, S and Mattsson, M},
title = {{Systematic Mapping Studies in Software Engineering}},
booktitle = {Evaluation and Assessment in Software Engineering (EASE'08), 12th International Conf. on},
keywords = {evidence based software engineering,systematic mapping studies,systematic reviews},
month = jun,
pages = {68--77},
year = {2008},
}

@article{2015:CSE:nascimento,
author = {Nascimento, D and Bittencourt, R and Chavez C},
title = {Open source projects in software engineering education: a mapping study},
journal = {Computer Science Education},
volume = {25},
number = {1},
pages = {67-114},
year  = {2015},
publisher = {Routledge},
doi = {10.1080/08993408.2015.1033159},
}

@inproceedings{Bishop:2016,
 	author = {Bishop, J and Jensen, C and Scacchi, W and Smith, A},
 	title = {How to Use Open Source Software in Education},
 	booktitle = {47th ACM Technical Symposium on Computing Science Education},
 	series = {SIGCSE '16},
 	year = {2016},
 	location = {Memphis, Tennessee, USA},
 	pages = {321--322},
 	numpages = {2},
 	publisher = {ACM},
 	address = {New York, NY, USA},
} 

@inproceedings{Horstmann:2009,
	author = {Horstmann, C},
	title = {Challenges and Opportunities in an Open Source Software Development Course},
	booktitle = {Free and Open Source Software (FOSS) Symposium},
	year = {2009},
    note = {http://www.hfoss.org/symposium09/},
	pages = {1--3},
	month = {May},
}

@misc{swebok,
title = {{Software Engineering Body of Knowledge (SWEBOK)}},
url = {www.swebok.org/},
urldate = {04/02/2013},
year = {2013},
}


